@book{kuck,
  author = {Kuck, D. L.},
  title = {Structure of Computers and Computations},
  year = {1978},
  isbn = {0471027162},
  publisher = {John Wiley \& Sons, Inc.},
  address = {New York, NY, USA},
} 

@inproceedings{nicolau1,
  author = {Nicolau, A. and Li, G. and Veidenbaum, A. V. and Kejariwal, A.},
  title = {{Synchronization Optimizations for Efficient Execution on Multi-cores}},
  booktitle = {ICS},
  year = {2009},
  isbn = {978-1-60558-498-0},
  location = {Yorktown Heights, NY, USA},
  pages = {169--180},
  numpages = {12},
  url = {http://doi.acm.org/10.1145/1542275.1542303},
  doi = {10.1145/1542275.1542303},
  acmid = {1542303},
  publisher = {ACM},
  keywords = {code motion, compilers, multithreading, synchronization},
} 

@inproceedings{nicolau2,
  author = {Nicolau, A. and Li, G. and Kejariwal, A.},
  title = {{Techniques for Efficient Placement of Synchronization Primitives}},
  booktitle = {PPoPP},
  year = {2009},
  isbn = {978-1-60558-397-6},
  location = {Raleigh, NC, USA},
  pages = {199--208},
  numpages = {10},
  url = {http://doi.acm.org/10.1145/1504176.1504207},
  doi = {10.1145/1504176.1504207},
  acmid = {1504207},
  publisher = {ACM},
  keywords = {compilers, multithreading, parallelization, performance},
} 



@inproceedings{fusion,
author = {Kennedy, K. and McKinley, K. S.},
title = {{Maximizing Loop Parallelism and Improving Data Locality via Loop Fusion and Distribution}},
booktitle = {LCPC},
year = {1994},
pages = {301--320},
publisher = {Springer-Verlag},
} 

@techreport{fortress,
    author = {E. Allan and D. Chase and V. Luchangco and J. Maessen and S.
	    Ryu and G. L.  Steele Jr. and S. Tobin-Hochstadt},
      title = {{The Fortress Language Specification}},

        year = {2007},
          url = {http://research.sun.com/projects/plrg/Publications/fortress1.0beta.pdf}
}

@techreport{chapelspec,
      author = {Cray Inc},
          title = {{The Chapel language specification}},
          month = {Feb},
          year = {2013},
      note={\url{http://chapel.cray.com}}
}
@inproceedings{x10,
  author = {Charles, P. and Grothoff, C. and Saraswat, V. and Donawa, C.
	  and Kielstra, A. and Ebcioglu, K. and von Praun, C. and Sarkar,
	  V.},
  title = {{X10: An Object-oriented Approach to Non-uniform Cluster Computing}},
  booktitle = {OOPSLA},
  year = {2005},
  location = {San Diego, CA, USA},
  pages = {519--538},
  numpages = {20},
  url = {http://doi.acm.org/10.1145/1094811.1094852},
  doi = {10.1145/1094811.1094852},
  acmid = {1094852},
  publisher = {ACM},
  keywords = {Java, X10, atomic blocks, clocks, data distribution, multithreading, non-uniform cluster computing (NUCC), partitioned global address space (PGAS), places, productivity, scalability},
} 

@inproceedings{chunking,
  author = {Shirako, J. and Zhao, J. and Nandivada, V. K. and Sarkar, V.},
  title = {{Chunking Parallel Loops in the Presence of Synchronization}},
  booktitle = {ICS},
  year = {2009},
  pages = {181--192},
  publisher = {ACM},
} 

@ARTICLE{memorymodel,
  author = {S. V. Adve and K. Gharachorloo},
  title = {Shared Memory Consistency Models: A Tutorial},
  journal = {IEEE Computer},
  year = {1995},
  volume = {29},
  pages = {66--76}
}
@inproceedings{allen,
  author = {Allen, R. and Callahan, D. and Kennedy, K.},
  title = {{Automatic decomposition of scientific programs for parallel execution}},
  booktitle = {POPL},
  year = {1987},
  isbn = {0-89791-215-2},
  location = {Munich, West Germany},
  pages = {63--76},
  publisher = {ACM},
} 

@article{DBLP:journals/ppl/Quinlan00,
  author    = {D. J. Quinlan},
  title     = {{ROSE: Compiler Support for Object-Oriented Frameworks}},
  journal   = {Parallel Processing Letters},
  volume    = {10},
  number    = {2/3},
  year      = {2000},
  pages     = {215-226},
  ee        = {http://dx.doi.org/10.1142/S0129626400000214},
  bibsource = {DBLP, http://dblp.uni-trier.de}
}
@misc{libgomp,
  title = {libgomp {Home Page}},
  howpublished = {\url{http://gcc.gnu.org/projects/gomp/}}
}
@misc{openmp,
  title = {{OpenMP Home Page}},
  howpublished = {\url{http://openmp.org/wp/}}
}

@misc{vivamp,
  title = {{VivaMp Home Page}},
  howpublished = {\url{http://www.viva64.com/en/a/0058/}}
}

@misc{plint,
  title = {Parallel Lint},
  note = {\url{http://software.intel.com/en-us/articles/parallel-lint}}
}

@misc{jgf, 
  title = {{The Java Grande Forum Multi-threaded Benchmarks}},
  note = {\url{http://www2.epcc.ed.ac.uk/computing/research_activities/java_grande/threads.html}}
}
@misc{npb, 
  title = {{NAS Parallel Benchmarks}},
  note = {\url{http://www.nas.nasa.gov/publications/npb.html}}
}

@misc{chapel, 
  author = {S. Deitz},
  title = {Parallel programming in chapel.},
  howpublished = {\url{http://www.nas.nasa.gov/publications/npb.html}}
}

 http://www.cct.lsu.edu/ estrabd/LACSI2006/Programming 2006. 
@inproceedings{loopembedding,
  author = {Hall, Mary W. and Kennedy, Ken and McKinley, Kathryn S.},
  title = {Interprocedural transformations for parallel code generation},
  booktitle = {Proceedings of the 1991 ACM/IEEE conference on Supercomputing},
  series = {Supercomputing '91},
  year = {1991},
  isbn = {0-89791-459-7},
  location = {Albuquerque, New Mexico, USA},
  pages = {424--434},
  numpages = {11},
  url = {http://doi.acm.org/10.1145/125826.126055},
  doi = {10.1145/125826.126055},
  acmid = {126055},
  publisher = {ACM},
  address = {New York, NY, USA},
} 

@inproceedings{Yu:2012:SCC:2248418.2248438,
  author = {Yu, F. and Yang, S. and Wang, F. and Chen, G. and Chan, C.},
  title = {{Symbolic consistency checking of OpenMp parallel programs}},
  booktitle = {LCTES},
  year = {2012},
  isbn = {978-1-4503-1212-7},
  pages = {139--148},
  numpages = {10},
  url = {http://doi.acm.org/10.1145/2248418.2248438},
  doi = {10.1145/2248418.2248438},
  acmid = {2248438},
  publisher = {ACM},
  keywords = {OpenMP, consistency, data race, parallel programs, symbolic simulation},
} 

@inproceedings{Best:2011:SVS:1993498.1993573,
  author = {Best, M. J. and Mottishaw, S. and Mustard, C. and Roth, M. and
	  Fedorova, A. and Brownsword, A.},
  title = {{Synchronization via scheduling: techniques for efficiently managing shared state}},
  booktitle = {PLDI},
  year = {2011},
  isbn = {978-1-4503-0663-8},
  location = {San Jose, California, USA},
  pages = {640--652},
  numpages = {13},
  url = {http://doi.acm.org/10.1145/1993498.1993573},
  doi = {10.1145/1993498.1993573},
  acmid = {1993573},
  publisher = {ACM},
  keywords = {dynamic reachability analysis, parallel programming, shared state management, synchronization via scheduling},
} 

@inproceedings{Basupalli2011,
  author = {Basupalli, V. and Yuki, T. and Rajopadhye, S. and Morvan, A. and Derrien, S. and Quinton, P. and Wonnacott, D.},
  title = {{ompVerify: polyhedral analysis for the OpenMP programmer}},
  booktitle = {IWOMP},
  year = {2011},
  isbn = {978-3-642-21486-8},
  location = {Chicago, IL},
  pages = {37--53},
  numpages = {17},
  url = {http://dl.acm.org/citation.cfm?id=2023025.2023031},
  acmid = {2023031},
  publisher = {Springer-Verlag},
} 
@INPROCEEDINGS{Iofciu05keywordsand,
  author = {Tereza Iofciu and Christian Kohlsch√ºtter and Wolfgang Nejdl and Raluca Paiu},
  title = {Keywords and RDF Fragments: Integrating Metadata and Full-Text Search in Beagle++},
  booktitle = {In Proc. of Semantic Desktop Workshop at the ISWC},
  year = {2005}
}
@book{Muchnick97,
        author          = {S. S. Muchnick},
        title           = {Advanced Compiler Design and Implementation},
        publisher       = {Morgan Kaufmann},
        year            = {1997}
}

@inproceedings{jomp,
  author = {Bull, J. M. and Kambites, M. E.},
  title = {{JOMP-an OpenMP-like Interface for Java}},
  booktitle = {Java Grande},
  year = {2000},
  isbn = {1-58113-288-3},
  location = {San Francisco, California, USA},
  pages = {44--53},
  numpages = {10},
  url = {http://doi.acm.org/10.1145/337449.337466},
  doi = {10.1145/337449.337466},
  acmid = {337466},
  publisher = {ACM},
} 


@misc{ompspec,
  title = {{OpenMP Application Program Interface, Version 4.0}},
  howpublished = {\url{http://www.openmp.org/mp-documents/OpenMP4.0.0.pdf}}
}

@inproceedings{ZhaoShirakoNandivadaSarkar10,
  author = {Zhao, J. and Shirako, J. and Nandivada, V. K. and Sarkar, V.},
  title = {Reducing Task Creation and Termination Overhead in Explicitly Parallel Programs},
  booktitle = {PACT},
  year = {2010},
  location = {Vienna, Austria},
  pages = {169--180},
  publisher = {ACM},
} 

@inproceedings{tseng,
  author = {Tseng, C.},
  title = {{Compiler Optimizations for Eliminating Barrier Synchronization}},
  booktitle = {PPoPP},
  year = {1995},
  isbn = {0-89791-700-6},
  location = {Santa Barbara, California, USA},
  pages = {144--155},
  numpages = {12},
  url = {http://doi.acm.org/10.1145/209936.209952},
  doi = {10.1145/209936.209952},
  acmid = {209952},
  publisher = {ACM},
} 

@INPROCEEDINGS{pj,
  author = {Alan Kaminsky},
  title = {{Parallel Java: A unified API for shared memory and cluster parallel programming in 100\% Java}},
  booktitle = {IPDPS},
  pages={1-8},
      year = {2007}
 }

@inproceedings{hj,
  author = {Cav{\'e}, V and Zhao, J and Shirako, J and Sarkar, V},
  title = {{Habanero-Java: The New Adventures of Old X10}},
  booktitle = {PPPJ},
  year = {2011},
  isbn = {978-1-4503-0935-6},
  location = {Kongens Lyngby, Denmark},
  pages = {51--61},
  url = {http://doi.acm.org/10.1145/2093157.2093165},
  doi = {10.1145/2093157.2093165},
  acmid = {2093165},
  publisher = {ACM},
  keywords = {data-race detection, language, parallel programming},
} 

@misc{gcc,
  title = {{GCC}},
  howpublished = {\url{https://gcc.gnu.org/}}
}

@misc{craycc,
  title = {{CRAY CC}},
  howpublished = {\url{https://www.nersc.gov/users/software/compilers/}}
                       
}

@misc{icc,
  title = {{ICC}},
  howpublished = {\url{https://software.intel.com/en-us/c-compilers}}
}

@misc{polybench,
  title = {{PolyBench/C}},
  howpublished = {\url{http://www.cs.ucla.edu/~pouchet/software/polybench/}}
}



@misc{clangomp,
  title = {{Clang/LLVM}},
  howpublished = {\url{http://clang-omp.github.io/}}
}
 publisher = {ACM},
@inproceedings{AikenGay98,
 author = {Aiken, A and Gay, D},
 title = {Barrier Inference},
 booktitle = {POPL},
 year = {1998},
 isbn = {0-89791-979-3},
 pages = {342--354},
 numpages = {13},
 url = {http://doi.acm.org/10.1145/268946.268974},
 doi = {10.1145/268946.268974},
 acmid = {268974},
} 

@inproceedings{ShirakoSharma,
  author = {Shirako, J. and Sharma, K. and Sarkar, V.},
  title = {{Unifying Barrier and Point-to-point Synchronization in OpenMP with Phasers}},
  booktitle = {IWOMP},
  year = {2011},
  isbn = {978-3-642-21486-8},
  location = {Chicago, IL},
  pages = {122--137},
  numpages = {16},
  url = {http://dl.acm.org/citation.cfm?id=2023025.2023038},
  acmid = {2023038},
  publisher = {Springer-Verlag},
} 

@inproceedings{Karmani09,
  author = {Karmani, R K and Chen, N and Su, B and Shali, A and Johnson, R},
    title = {{Barrier Synchronization Pattern}},
    booktitle = {ParaPLOP},
    keywords = "software engineering",
    year = "2009",
  }
@article{Satoh2001,  
  author = {Satoh, S and Kusano, K and Sato, M},
  title = {{Compiler Optimization Techniques for OpenMP Programs}},
  journal = {Sci. Program.},
  issue_date = {August 2001},
  year = {2001},
  issn = {1058-9244},
  pages = {131--142},
  numpages = {12},
  acmid = {1239935},
  publisher = {IOS Press},
} 

@inproceedings{Saillard14,
  author    = {Emmanuelle S and Patrick C and Denis B},
  title     = {{Static Validation of Barriers and Worksharing Constructs in OpenMP
    Applications}},
  booktitle = {IWOMP},
  year      = {2014},
  pages     = {73--86},
  url       = {http://dx.doi.org/10.1007/978-3-319-11454-5_6},
  doi       = {10.1007/978-3-319-11454-5_6},
  timestamp = {Sat, 18 Oct 2014 18:05:44 +0200},
  biburl    = {http://dblp.uni-trier.de/rec/bib/conf/iwomp/SaillardCB14},
  bibsource = {dblp computer science bibliography, http://dblp.org}
}

@inproceedings{Zhang2007,
  author = {Zhang, Y and Duesterwald, E},
  title = {{Barrier Matching for Programs with Textually Unaligned Barriers}},
  series = {PPoPP},
  year = {2007},
  isbn = {978-1-59593-602-8},
  pages = {194--204},
  numpages = {11},
  acmid = {1229472},
  publisher = {ACM},
  keywords = {MPI, barrier synchronization, path expressions, slicing, static analysis},
} 
@book{kennedy,
   author = {Kennedy, K and Allen, J. R.},
    title = {{Optimizing Compilers for Modern Architectures: A Dependence-based Approach}},
     year = {2002},
      isbn = {1-55860-286-0},
       publisher = {Morgan Kaufmann Publishers Inc.},
} 

@article{Adve2010,
  author = {Adve, Sarita V. and Boehm, Hans-J.},
  title = {Memory Models: A Case for Rethinking Parallel Languages and Hardware},
  journal = {Commun. ACM},
  issue_date = {August 2010},
  volume = {53},
  number = {8},
  month = aug,
  year = {2010},
  issn = {0001-0782},
  pages = {90--101},
  numpages = {12},
  url = {http://doi.acm.org/10.1145/1787234.1787255},
  doi = {10.1145/1787234.1787255},
  acmid = {1787255},
  publisher = {ACM},
  address = {New York, NY, USA},
} 

@inproceedings{Burckhardt2008,
  author = {Burckhardt, Sebastian and Musuvathi, Madanlal},
  title = {Effective Program Verification for Relaxed Memory Models},
  booktitle = {Proceedings of the 20th International Conference on Computer Aided Verification},
  series = {CAV '08},
  year = {2008},
  isbn = {978-3-540-70543-7},
  location = {Princeton, NJ, USA},
  pages = {107--120},
  numpages = {14},
  url = {http://dx.doi.org/10.1007/978-3-540-70545-1_12},
  doi = {10.1007/978-3-540-70545-1_12},
  acmid = {1427798},
  publisher = {Springer-Verlag},
  address = {Berlin, Heidelberg},
} 

@misc{rajeev-utah,
  title = {{Memory Consistency Models}},
  howpublished = {\url{http://www.cs.utah.edu/~rajeev/cs7820/pres/7820-12.pdf}}
}

